<record><leader>00000cas a22000007a 4500</leader><controlfield tag="001">14201423</controlfield><controlfield tag="008">860910d18801uuutxuuu ne      0    0eng d</controlfield><datafield ind1=" " ind2=" " tag="010"><subfield code="a">sn 86088922 </subfield></datafield><datafield ind1=" " ind2=" " tag="040"><subfield code="a">PPM</subfield><subfield code="b">eng</subfield><subfield code="c">PPM</subfield><subfield code="d">OCLCQ</subfield></datafield><datafield ind1=" " ind2=" " tag="042"><subfield code="a">msc</subfield></datafield><datafield ind1="0" ind2="0" tag="245"><subfield code="a">Ennis commercial recorder.</subfield></datafield><datafield ind1="1" ind2="3" tag="246"><subfield code="a">Commercial recorder</subfield></datafield><datafield ind1=" " ind2=" " tag="260"><subfield code="a">Ennis, Tex. :</subfield><subfield code="b">F.A. Rust</subfield></datafield><datafield ind1=" " ind2=" " tag="300"><subfield code="a">v.</subfield></datafield><datafield ind1="1" ind2=" " tag="362"><subfield code="a">Began in 1880?</subfield></datafield><datafield ind1=" " ind2=" " tag="588"><subfield code="a">Description based on: Vol. 7, no. 20 (May 20, 1887).</subfield></datafield><datafield ind1=" " ind2=" " tag="752"><subfield code="a">United States</subfield><subfield code="b">Texas</subfield><subfield code="c">Ellis</subfield><subfield code="d">Ennis.</subfield></datafield></record>